@article{goldberg2014convex,
  title={On a convex measure of drawdown risk},
  author={Goldberg, Lisa R and Mahmoud, Ola},
  journal={Available at SSRN 2430918},
  year={2014}
}

@article{getmansky2004econometric,
  title={An econometric model of serial correlation and illiquidity in hedge fund returns},
  author={Getmansky, Mila and Lo, Andrew W and Makarov, Igor},
  journal={Journal of Financial Economics},
  volume={74},
  number={3},
  pages={529--609},
  year={2004},
  publisher={Elsevier}
}

@article{di2014risk,
  title={Risk measures for autocorrelated hedge fund returns},
  author={Di Cesare, Antonio and Stork, Philip A and De Vries, Casper G},
  journal={Journal of Financial Econometrics},
  pages={nbu023},
  year={2014},
  publisher={Oxford Univ Press}
}

@article{napper2008refining,
  title={Refining Risk Measures: Serial Correlation},
  author={Napper, Kerry},
  year={2008}
}

@article{cont2001empirical,
  title={Empirical properties of asset returns: stylized facts and statistical issues},
  author={Cont, Rama},
  year={2001},
  publisher={Taylor \& Francis}
}

@article{lewellen2002momentum,
  title={Momentum and autocorrelation in stock returns},
  author={Lewellen, Jonathan},
  journal={Review of Financial Studies},
  volume={15},
  number={2},
  pages={533--564},
  year={2002},
  publisher={Soc Financial Studies}
}

@article{ball1989nonstationary,
  title={Nonstationary expected returns: Implications for tests of market efficiency and serial correlation in returns},
  author={Ball, Ray and Kothari, SP},
  journal={Journal of Financial Economics},
  volume={25},
  number={1},
  pages={51--74},
  year={1989},
  publisher={Elsevier}
}

@book{barucci2012financial,
  title={Financial markets theory: Equilibrium, efficiency and information},
  author={Barucci, Emilio},
  year={2012},
  publisher={Springer Science \& Business Media}
}

@article{lo1988stock,
  title={Stock market prices do not follow random walks: Evidence from a simple specification test},
  author={Lo, Andrew W and MacKinlay, A Craig},
  journal={Review of financial studies},
  volume={1},
  number={1},
  pages={41--66},
  year={1988},
  publisher={Soc Financial Studies}
}

@article{poterba1988mean,
  title={Mean reversion in stock prices: Evidence and implications},
  author={Poterba, James M and Summers, Lawrence H},
  journal={Journal of financial economics},
  volume={22},
  number={1},
  pages={27--59},
  year={1988},
  publisher={Elsevier}
}

@article{conrad1991components,
  title={Components of short-horizon individual security returns},
  author={Conrad, Jennifer and Kaul, Gautam and Nimalendran, Mahendrarajah},
  journal={Journal of Financial Economics},
  volume={29},
  number={2},
  pages={365--384},
  year={1991},
  publisher={Elsevier}
}

@article{mech1993portfolio,
  title={Portfolio return autocorrelation},
  author={Mech, Timothy S},
  journal={Journal of Financial Economics},
  volume={34},
  number={3},
  pages={307--344},
  year={1993},
  publisher={Elsevier}
}

@article{lo1990econometric,
  title={An econometric analysis of nonsynchronous trading},
  author={Lo, Andrew W and MacKinlay, A Craig},
  journal={Journal of Econometrics},
  volume={45},
  number={1},
  pages={181--211},
  year={1990},
  publisher={Elsevier}
}