@article{goldberg2014convex,
  title={On a convex measure of drawdown risk},
  author={Goldberg, Lisa R and Mahmoud, Ola},
  journal={Available at SSRN 2430918},
  year={2014}
}